<record><leader>00000cas a22000007a 4500</leader><controlfield tag="001">13353163</controlfield><controlfield tag="008">860327d18941896inuwr ne      0    0eng d</controlfield><datafield ind1=" " ind2=" " tag="010"><subfield code="a">sn 86058410 </subfield></datafield><datafield ind1=" " ind2=" " tag="040"><subfield code="a">NPI</subfield><subfield code="b">eng</subfield><subfield code="c">NPI</subfield><subfield code="d">OCLCQ</subfield></datafield><datafield ind1=" " ind2=" " tag="042"><subfield code="a">msc</subfield></datafield><datafield ind1="0" ind2=" " tag="130"><subfield code="a">Chesterton tribune (Chesterton, Ind. : 1894)</subfield></datafield><datafield ind1="1" ind2="0" tag="245"><subfield code="a">Chesterton tribune.</subfield></datafield><datafield ind1=" " ind2=" " tag="260"><subfield code="a">Chesterton, Ind. :</subfield><subfield code="b">Arthur J. Bowser,</subfield><subfield code="c">1894-1896.</subfield></datafield><datafield ind1=" " ind2=" " tag="310"><subfield code="a">Weekly</subfield></datafield><datafield ind1="0" ind2=" " tag="362"><subfield code="a">Vol. 11, no. 24 (Sept. 21, 1894)-v. 12, no. 52 (Apr. 10, 1896).</subfield></datafield><datafield ind1=" " ind2=" " tag="752"><subfield code="a">United States</subfield><subfield code="b">Indiana</subfield><subfield code="c">Porter</subfield><subfield code="d">Chesterton.</subfield></datafield><datafield ind1="0" ind2="0" tag="780"><subfield code="t">Tribune (Chesterton, Ind.)</subfield><subfield code="w">(DLC)sn 86058324</subfield></datafield><datafield ind1="0" ind2="7" tag="785"><subfield code="t">Porter tribune</subfield></datafield><datafield ind1="0" ind2="7" tag="785"><subfield code="t">Westchester tribune</subfield><subfield code="w">(DLC)sn 86058321</subfield></datafield></record>